<record><leader>00000cas a22000007a 4500</leader><controlfield tag="001">15011830</controlfield><controlfield tag="008">861224d18981899iauwr ne      0    0eng d</controlfield><datafield ind1=" " ind2=" " tag="010"><subfield code="a">sn 86060905 </subfield></datafield><datafield ind1=" " ind2=" " tag="040"><subfield code="a">INP</subfield><subfield code="b">eng</subfield><subfield code="c">INP</subfield><subfield code="d">OCLCQ</subfield></datafield><datafield ind1=" " ind2=" " tag="042"><subfield code="a">msc</subfield></datafield><datafield ind1="0" ind2=" " tag="130"><subfield code="a">Industrial world (Lucas, Iowa)</subfield></datafield><datafield ind1="1" ind2="4" tag="245"><subfield code="a">The industrial world.</subfield></datafield><datafield ind1="1" ind2="3" tag="246"><subfield code="a">Lucas industrial world</subfield><subfield code="f">&lt;Dec. 15, 1898&gt;</subfield></datafield><datafield ind1=" " ind2=" " tag="260"><subfield code="a">Lucas, Iowa :</subfield><subfield code="b">Reese &amp; Dewey</subfield></datafield><datafield ind1=" " ind2=" " tag="300"><subfield code="a">v. :</subfield><subfield code="b">ill.</subfield></datafield><datafield ind1=" " ind2=" " tag="310"><subfield code="a">Weekly</subfield></datafield><datafield ind1="1" ind2=" " tag="362"><subfield code="a">Issued 1898?-1899?</subfield><subfield code="z">Cf. Bibl. of Iowa newspapers.</subfield></datafield><datafield ind1=" " ind2=" " tag="588"><subfield code="a">Description based on: Vol. 5, no. 26 (Dec. 15, 1898).</subfield></datafield><datafield ind1=" " ind2=" " tag="752"><subfield code="a">United States</subfield><subfield code="b">Iowa</subfield><subfield code="c">Lucas</subfield><subfield code="d">Lucas.</subfield></datafield><datafield ind1="0" ind2="0" tag="780"><subfield code="t">Independent (Lucas, Iowa)</subfield></datafield></record>